<collection xmlns="http://www.loc.gov/MARC21/slim">
<record>
  <leader>01209nam0a22002171i 450 </leader>
  <controlfield tag="001">IT\ICCU\CNCE\053719</controlfield>
  <controlfield tag="005">20021212000000.0</controlfield>
  <datafield tag="012" ind1=" " ind2=" ">
    <subfield code="a">i-o- 9036 ont, daTi (3) 1571 (R)</subfield>
    <subfield code="2">fei</subfield>
  </datafield>
  <datafield tag="100" ind1=" " ind2=" ">
    <subfield code="a">20021210d1571        0itac0103    ba</subfield>
  </datafield>
  <datafield tag="101" ind1=" " ind2=" ">
    <subfield code="a">LAT</subfield>
  </datafield>
  <datafield tag="102" ind1=" " ind2=" ">
    <subfield code="a">IT</subfield>
  </datafield>
  <datafield tag="200" ind1="1" ind2=" ">
    <subfield code="a">℗Davidis Romaei ℗Septem.sancti custodes de s.ac praesides.urbis Neapolis his adscripsiinus Thomam. Aquinum.Franciscum.Paul.Quod Pontifex max.Pontificumq.collegium approbatat,rarum esto:Quod non approbat,ratum non esto</subfield>
  </datafield>
  <datafield tag="210" ind1=" " ind2=" ">
    <subfield code="a">Neapoli</subfield>
    <subfield code="c">apud Iosephum Cacchium </subfield>
    <subfield code="d">1571 . \16! </subfield>
    <subfield code="d">228 </subfield>
    <subfield code="d">\4! p.</subfield>
    <subfield code="d">8o</subfield>
  </datafield>
  <datafield tag="300" ind1=" " ind2=" ">
    <subfield code="a">ANNULLATA !!!!!  vedi 23446(( Marca Z1022 sul front. - Rom. - Iniz.silogr. - Segn. : a8 A-O8P4</subfield>
  </datafield>
  <datafield tag="620" ind1=" " ind2=" ">
    <subfield code="a">IT</subfield>
    <subfield code="d">Napoli</subfield>
  </datafield>
  <datafield tag="712" ind1="0" ind2="0">
    <subfield code="a">Cacchi, Giuseppe</subfield>
    <subfield code="3">IT\ICCU\CNCT\000064</subfield>
    <subfield code="4">650</subfield>
  </datafield>
  <datafield tag="791" ind1="0" ind2="0">
    <subfield code="a">Cacchius, Iosephus</subfield>
    <subfield code="3">IT\ICCU\CNCT\004389</subfield>
    <subfield code="z">Cacchi, Giuseppe</subfield>
  </datafield>
  <datafield tag="791" ind1="0" ind2="0">
    <subfield code="a">Cacchio, Giuseppe</subfield>
    <subfield code="3">IT\ICCU\CNCT\004390</subfield>
    <subfield code="z">Cacchi, Giuseppe</subfield>
  </datafield>
  <datafield tag="801" ind1=" " ind2="3">
    <subfield code="a">IT</subfield>
    <subfield code="b">ICCU</subfield>
    <subfield code="c">20201115</subfield>
  </datafield>
  <datafield tag="899" ind1=" " ind2=" ">
    <subfield code="a">Biblioteca nazionale Vittorio Emanuele III. Napoli</subfield>
    <subfield code="1">NA0079</subfield>
    <subfield code="2">NAP BN</subfield>
  </datafield>
  <datafield tag="921" ind1=" " ind2=" ">
    <subfield code="a">IT\ICCU\CNCM\000379</subfield>
    <subfield code="b">Uomo (Sansone) che trasporta sulle spalle due colonne incrociate</subfield>
    <subfield code="e">Nihil difficile volenti</subfield>
    <subfield code="c">V121</subfield>
    <subfield code="c">Z1022</subfield>
    <subfield code="d">Dimensioni: 4 x 5</subfield>
    <subfield code="f">COLONNE</subfield>
    <subfield code="f">NIHILDIFFI</subfield>
    <subfield code="f">UOMO</subfield>
    <subfield code="g">1554-1574</subfield>
  </datafield>
</record>
</collection>
